@book{de2010language,
  title={Language development over the lifespan},
  author={De Bot, Kees and Schrauf, Robert W},
  year={2010},
  publisher={Routledge}
}

@inproceedings{schlomer2008gesture,
  title={Gesture recognition with a Wii controller},
  author={Schl{\"o}mer, Thomas and Poppinga, Benjamin and Henze, Niels and Boll, Susanne},
  booktitle={Proceedings of the 2nd international conference on Tangible and embedded interaction},
  pages={11--14},
  year={2008},
  organization={ACM}
}

@article{zhang2012microsoft,
  title={Microsoft kinect sensor and its effect},
  author={Zhang, Zhengyou},
  journal={IEEE multimedia},
  volume={19},
  number={2},
  pages={4--10},
  year={2012},
  publisher={IEEE}
}

@article{moeslund2003arthur,
  title={The ARTHUR system: an augmented round table},
  author={Moeslund, TB and St{\"o}rring, M and Broll, W and Aish, F and Liu, Y},
  journal={Computer},
  volume={1},
  number={1},
  pages={277--282},
  year={2003}
}

@inproceedings{natapov2009iso,
  title={ISO 9241-9 evaluation of video game controllers},
  author={Natapov, Daniel and Castellucci, Steven J and MacKenzie, I Scott},
  booktitle={Proceedings of Graphics Interface 2009},
  pages={223--230},
  year={2009},
  organization={Canadian Information Processing Society}
}

@inproceedings{pew2002evolution,
  title={Evolution of human-computer interaction: From Memex to Bluetooth and beyond},
  author={Pew, Richard W},
  booktitle={The human-computer interaction handbook},
  pages={1--17},
  year={2002},
  organization={L. Erlbaum Associates Inc.}
}

@book{nielsen1994usability,
  title={Usability engineering},
  author={Nielsen, Jakob},
  year={1994},
  publisher={Elsevier}
}

@article{shneiderman2001universal,
  title={Universal usability as a stimulus to advanced interface design},
  author={Shneiderman, Ben and Hochheiser, Harry},
  journal={Behaviour \& Information Technology},
  volume={20},
  number={5},
  pages={367--376},
  year={2001},
  publisher={Taylor \& Francis}
}

@article{bhuiyan2011gesture,
  title={A gesture controlled user interface for inclusive design and evaluative study of its usability},
  author={Bhuiyan, Moniruzzaman and Picking, Rich},
  journal={Journal of software engineering and applications},
  volume={4},
  number={09},
  pages={513},
  year={2011},
  publisher={Scientific Research Publishing}
}

@article{wilson2007iphone,
  title={How the iPhone works},
  author={Wilson, Tracy V and Fenlon, Wesley},
  journal={Retrieved from: on Apr},
  volume={24},
  number={2009},
  pages={9},
  year={2007}
}

@article{tang2017emergence,
  title={The emergence of artificial intelligence in the home: Products, services, and broader developments of consumer oriented AI},
  author={Tang, Bingqing},
  year={2017}
}

@article{massaro2015siri,
  title={Siri-ously? Free speech rights and artificial intelligence},
  author={Massaro, Toni M and Norton, Helen},
  journal={Nw. UL Rev.},
  volume={110},
  pages={1169},
  year={2015},
  publisher={HeinOnline}
}

@inproceedings{abreu2016evaluating,
  title={Evaluating sign language recognition using the myo armband},
  author={Abreu, Jo{\~a}o Gabriel and Teixeira, Jo{\~a}o Marcelo and Figueiredo, Lucas Silva and Teichrieb, Veronica},
  booktitle={2016 XVIII Symposium on Virtual and Augmented Reality (SVR)},
  pages={64--70},
  year={2016},
  organization={IEEE}
}

@article{weichert2013analysis,
  title={Analysis of the accuracy and robustness of the leap motion controller},
  author={Weichert, Frank and Bachmann, Daniel and Rudak, Bartholom{\"a}us and Fisseler, Denis},
  journal={Sensors},
  volume={13},
  number={5},
  pages={6380--6393},
  year={2013},
  publisher={Multidisciplinary Digital Publishing Institute}
}

@article{russell1995stages,
  title={Stages in learning new technology: Naive adult email users},
  author={Russell, Anne L},
  journal={Computers \& Education},
  volume={25},
  number={4},
  pages={173--178},
  year={1995},
  publisher={Elsevier}
}

@misc{strauss1991generation,
  title={Generation Z},
  author={Strauss, William and Howe, Neil},
  year={1991}
}

@article{oblinger2003boomers,
  title={Boomers gen-xers millennials},
  author={Oblinger, Diana},
  journal={EDUCAUSE review},
  volume={500},
  number={4},
  pages={37--47},
  year={2003}
}

@article{wu2007iconic,
  title={How iconic gestures enhance communication: An ERP study},
  author={Wu, Ying Choon and Coulson, Seana},
  journal={Brain and language},
  volume={101},
  number={3},
  pages={234--245},
  year={2007},
  publisher={Elsevier}
}

@book{muller2013body,
  title={Body-Language-Communication},
  author={M{\"u}ller, Cornelia and Cienki, Alan and Fricke, Ellen and Ladewig, Silva and McNeill, David and Tessendorf, Sedinha},
  volume={1},
  year={2013},
  publisher={Walter de Gruyter}
}

@incollection{krauss1996nonverbal,
  title={Nonverbal behavior and nonverbal communication: What do conversational hand gestures tell us?},
  author={Krauss, Robert M and Chen, Yihsiu and Chawla, Purnima},
  booktitle={Advances in experimental social psychology},
  volume={28},
  pages={389--450},
  year={1996},
  publisher={Elsevier}
}

@article{brereton2008new,
  title={New challenges for design participation in the era of ubiquitous computing},
  author={Brereton, Margot and Buur, Jacob},
  journal={Co-Design},
  volume={4},
  number={2},
  pages={101--113},
  year={2008},
  publisher={Taylor \& Francis}
}

@article{khan2012hand,
  title={Hand gesture recognition: a literature review},
  author={Khan, Rafiqul Zaman and Ibraheem, Noor Adnan},
  journal={International journal of artificial Intelligence \& Applications},
  volume={3},
  number={4},
  pages={161},
  year={2012},
  publisher={Academy \& Industry Research Collaboration Center (AIRCC)}
}

@inproceedings{rath2009uico,
  title={UICO: an ontology-based user interaction context model for automatic task detection on the computer desktop},
  author={Rath, Andreas S and Devaurs, Didier and Lindstaedt, Stefanie N},
  booktitle={Proceedings of the 1st Workshop on Context, Information and Ontologies},
  pages={8},
  year={2009},
  organization={ACM}
}

@incollection{escalera2017challenges,
  title={Challenges in multi-modal gesture recognition},
  author={Escalera, Sergio and Athitsos, Vassilis and Guyon, Isabelle},
  booktitle={Gesture Recognition},
  pages={1--60},
  year={2017},
  publisher={Springer}
}